<?xml version="1.0" encoding="UTF-8"?>
<record xmlns="http://www.loc.gov/MARC21/slim">
   <leader>00895cam a2200229   4500</leader>
   <controlfield tag="001">7013162</controlfield>
   <controlfield tag="003">NjP</controlfield>
   <controlfield tag="005">20190423191640.0</controlfield>
   <controlfield tag="007">hd|bfb|||baaa</controlfield>
   <controlfield tag="007">hd|bfb|||baba</controlfield>
   <controlfield tag="007">hd|afb|||baca</controlfield>
   <controlfield tag="008">120312s1922    ua c          000 0dara c</controlfield>
   <datafield tag="024" ind1="7" ind2=" ">
      <subfield code="a">princeton_aco003679</subfield>
      <subfield code="2">local</subfield>
   </datafield>
   <datafield ind1=" " ind2=" " tag="035">
      <subfield code="a">7013162</subfield>
   </datafield>
   <datafield ind1=" " ind2=" " tag="090">
      <subfield code="a">DK170</subfield>
      <subfield code="b">.M466 1900</subfield>
   </datafield>
   <datafield ind1="0" ind2="0" tag="245">
      <subfield code="a">Kātrīn al-thānīyah ashhar al-khāṭiʼāt min ṣāḥibāt al-tījān :</subfield>
      <subfield code="b">qiṣah tārīkhīyah /</subfield>
      <subfield code="c">turjimat khiṣīṣan li-Majallat al-Ahrām.</subfield>
   </datafield>
   <datafield ind1=" " ind2=" " tag="260">
      <subfield code="a">Miṣr :</subfield>
      <subfield code="b">Majallat al-Ahrām.</subfield>
      <subfield code="c">1922.</subfield>
   </datafield>
   <datafield ind1=" " ind2=" " tag="300">
      <subfield code="a">59 p.</subfield>
      <subfield code="b">front., ports.</subfield>
      <subfield code="c">20 cm.</subfield>
   </datafield>
   <datafield ind1="0" ind2="0" tag="600">
      <subfield code="a">Catherine</subfield>
      <subfield code="b">II,</subfield>
      <subfield code="c">Empress of Russia,</subfield>
      <subfield code="d">1729-1796.</subfield>
   </datafield>
   <datafield ind1="0" ind2="0" tag="600">
      <subfield code="a">Paul</subfield>
      <subfield code="b">I,</subfield>
      <subfield code="c">Emperor of Russia,</subfield>
      <subfield code="d">1754-1801.</subfield>
   </datafield>
   <datafield ind1=" " ind2="0" tag="651">
      <subfield code="a">Soviet Union</subfield>
      <subfield code="x">Court and courtiers.</subfield>
   </datafield>
   <datafield ind1=" " ind2="0" tag="651">
      <subfield code="a">Russia</subfield>
      <subfield code="x">History</subfield>
      <subfield code="y">1689-1801.</subfield>
      <subfield code="0">http://id.loc.gov/authorities/subjects/sh85125783</subfield>
   </datafield>
   <datafield ind1=" " ind2=" " tag="904">
      <subfield code="a">jab</subfield>
      <subfield code="b">g</subfield>
      <subfield code="h">n</subfield>
      <subfield code="c">b</subfield>
      <subfield code="e">20120312</subfield>
   </datafield>
   <datafield ind1=" " ind2=" " tag="902">
      <subfield code="a">jab</subfield>
      <subfield code="b">o</subfield>
      <subfield code="6">a</subfield>
      <subfield code="7">m</subfield>
      <subfield code="d">v</subfield>
      <subfield code="f">1</subfield>
      <subfield code="e">20120312</subfield>
   </datafield>
   <datafield ind1="0" ind2=" " tag="852">
      <subfield code="0">6900153</subfield>
      <subfield code="b">rcppa</subfield>
      <subfield code="h">DK170</subfield>
      <subfield code="i">.M466 1900</subfield>
   </datafield>
   <datafield ind1=" " ind2=" " tag="959">
      <subfield code="a">2012-03-12 12:11:08 -0400</subfield>
   </datafield>
</record>
